1920 3112
803 122 1104 200 410.-

229 287 521 346 prehendere,
557 286 653 331 eius
686 287 749 331 rei
782 302 839 331 ne
872 288 1119 332 minimum
1151 285 1339 346 quidem
1371 293 1519 346 potest
1550 290 1669 337 inve-

229 361 315 402 niri
348 359 590 415 vestigium
624 359 671 401 in
695 364 910 405 contextu
929 360 1184 403 verborum.
1253 360 1470 405 Matthiae
1492 362 1672 420 scripsit

227 433 462 491 τόρνευμα,
498 430 621 489 quod
656 431 855 475 maxime
888 431 1098 476 cohaeret
1128 446 1235 476 cum
1267 432 1456 477 lectione
1488 434 1585 478 cod.
1620 435 1668 489 O,

228 519 319 561 quo
342 504 586 560 significari
610 504 708 547 vult
728 507 887 561 ἕλιγμα
911 503 982 547 vel
1000 505 1225 563 κύκλωμα,
1260 504 1419 548 latine:
1456 506 1669 557 „circum-

226 581 364 619 actus.
432 576 583 633 Atque
616 577 686 619 fac
720 578 939 637 τόρνευμα
974 592 1070 620 esse
1103 581 1290 629 rectum,
1325 581 1478 622 tamen
1510 579 1591 636 qui
1613 579 1671 623 sit

226 648 322 689 eius
370 662 606 690 connexus
654 662 758 691 cum
806 649 1103 705 sequentibus
1154 654 1234 691 aut
1282 649 1667 702 antecedentibus,

227 719 414 761 minime
455 719 669 776 perlucet,
710 720 798 763 nisi
849 721 962 763 forte
1001 735 1105 763 cum
1150 720 1493 765 Wilamowitzio
1525 725 1671 782 κυκλῴ

225 796 507 834 commutare
541 792 686 835 mavis
719 793 766 834 in
802 796 974 838 κυκλῶν
1006 798 1143 850 atque
1166 793 1412 849 explicare:
1447 807 1495 836 er
1517 795 1671 838 macht

224 863 459 907 furchtbar
491 864 647 907 rasche
682 864 969 921 wendungen
1001 864 1080 908 des
1113 865 1271 908 fusses.
1350 864 1435 907 Sed
1484 879 1668 922 quomo-

224 935 482 993 documque
516 951 585 979 res
619 951 714 979 sese
749 937 896 987 habet,
932 936 1068 980 verba
1102 937 1232 979 codd.
1268 938 1402 994 plane
1433 937 1670 994 desperata

224 1024 320 1052 esse
363 1009 410 1051 in
459 1009 671 1066 professis
718 1014 796 1053 est.
862 1009 1034 1066 Turget
1065 1010 1207 1053 oratio
1246 1014 1382 1067 atque
1415 1014 1481 1053 est
1513 1009 1669 1054 inflata

223 1081 517 1137 continetque
550 1095 765 1137 magnam
801 1081 1028 1132 duritiem,
1063 1096 1204 1137 quam
1237 1082 1535 1138 incongruam
1571 1097 1667 1124 esse

224 1153 445 1195 sermonis
483 1153 716 1209 Euripidei
750 1154 1115 1210 magnificentiae
1164 1169 1215 1196 ac
1248 1153 1384 1197 colori
1418 1153 1667 1197 dramatico

223 1239 357 1267 nemo
392 1229 540 1280 potest
573 1239 751 1281 negare.
830 1225 989 1282 Itaque
1023 1225 1292 1268 crediderim
1326 1225 1449 1268 hunc
1483 1240 1668 1268 versum

223 1312 319 1341 esse
364 1296 569 1355 spurium
617 1298 754 1355 atque
802 1297 1023 1341 insertum
1054 1297 1112 1341 ab
1144 1297 1463 1356 interpolatore
1505 1297 1667 1341 inscito

222 1369 490 1426 stolidoque,
541 1370 619 1426 qui
655 1384 749 1412 rem
782 1371 901 1413 iusto
934 1370 1160 1427 copiosius
1194 1370 1374 1412 volebat
1405 1370 1663 1427 depingere,

163 1487 168 1493 ,
222 1442 409 1486 Accedit
443 1469 494 1473 —-
530 1446 667 1500 atque
699 1442 745 1486 id
768 1442 1061 1487 vehementer
1084 1443 1206 1487 favet
1228 1442 1432 1501 opinioni
1455 1456 1582 1486 meae
1621 1469 1654 1473 -

220 1514 343 1571 quod
368 1514 639 1557 vocabulum
666 1517 884 1575 τόρνευμα
909 1516 1091 1558 nonnisi
1114 1516 1236 1573 apud
1254 1516 1498 1575 scriptores
1517 1530 1662 1557 recen-

221 1587 418 1631 tissimos
451 1588 685 1644 reperitur,
720 1588 970 1632 dummodo
1002 1588 1139 1632 fidem
1173 1588 1302 1632 nobis
1336 1588 1466 1631 liceat
1498 1588 1663 1631 habere

220 1658 515 1717 Stephano*).
1289 1667 1300 1678 ·

366 1866 399 1906 ⁴²²)
428 1865 471 1899 111
497 1874 536 1899 re
563 1863 779 1908 explicanda
806 1863 904 1898 haud
940 1863 1035 1899 facio
1074 1875 1154 1899 cum
1192 1862 1505 1903 Wilamowitzio;
1542 1861 1664 1907 potius

220 1922 427 1968 putaverim
455 1933 605 1968 puerum
633 1921 743 1957 nimis
763 1922 850 1965 lato,
870 1922 1069 1958 Herculem
1089 1933 1173 1958 vero
1191 1925 1349 1967 angusto
1368 1921 1509 1958 ambitu
1527 1921 1663 1958 circum

220 1985 423 2021 columnam
450 1995 607 2028 currere,
634 1995 706 2028 qua
731 1994 769 2019 re
796 1983 892 2028 patri
930 1983 1033 2028 copia
1067 1984 1180 2020 fiebat
1215 1983 1332 2019 filium
1366 1982 1578 2028 praevenire
1612 1993 1664 2018 sa-

218 2044 427 2091 gittamque
465 2044 504 2080 in
543 2055 625 2080 eum
651 2043 861 2080 immittere.
913 2044 959 2078 cf.
980 2044 1156 2080 Conradt..
1204 2043 1431 2080 Fleckeisen.
1451 2043 1572 2079 annal.
1597 2045 1663 2077 149

220 2109 343 2151 (1884)
406 2108 487 2142 247.
514 2106 585 2142 IX.
613 2110 634 2141 2
661 2111 758 2143 nota.
