1920 3112
809 142 1076 185 -7-

759 272 866 317 ibid.
907 275 1020 318 1162
1053 289 1120 332 sq.

465 343 566 390 du?
593 343 623 405 ἢ
652 345 855 404 μεγάλως
877 338 1192 404 ἐὐδαιμονήσω
1224 345 1413 405 τήμερον

392 413 481 462 timi
515 422 607 463 τῶν
637 419 838 477 ἐραστῶν
868 417 921 476 m}
953 412 1026 462 A?
1054 417 1083 476 ἢ
1113 416 1188 471 ’γῶ
1223 420 1480 479 θρύψομαι,

366 501 617 546 Scholiasta
645 502 892 565 ’θρύψομαι
923 501 1026 548 ἀντὶ
1046 506 1127 548 τοῦ
1157 504 1501 564 συντριβῆσομαι
1532 518 1658 547 usur-

222 580 382 632 patum
414 589 512 617 esse
543 578 756 629 nugatur,
820 576 1117 633 θρύπτεσθαι
1139 573 1330 617 verbum
1352 576 1532 631 proprie
1555 576 1655 619 dici-

219 651 295 691 tur
327 645 382 691 de
415 660 482 699 eo,
515 646 595 704 qui
627 650 819 699 amatur,
846 659 952 691 cum
986 644 1059 690 sui
1091 645 1269 705 copiam
1292 646 1438 691 faeere
1461 652 1655 699 recusat;

219 721 442 761 nostrates
460 717 651 775 „sprcde
668 719 798 766 thun,
819 718 943 760 nicht
957 731 1012 760 zu
1028 717 1307 774 befriedigen
1325 719 1449 760 sein“
1470 719 1657 763 dehinc:
1693 720 1701 726 ’

220 790 658 844 ,,νθι·νε’ὃὴῑιῖέθίη“.
733 790 936 834 Kockius
968 795 1174 835 annotat:
1221 790 1295 835 die
1327 790 1512 847 vulgata
1543 791 1659 834 stellt

219 863 321 907 eine
338 863 440 908 sinn
446 857 629 921 widrige
641 862 922 907 disiunktion
935 864 1035 917 auf;
1048 877 1189 922 quam
1200 868 1251 907 ut
1263 864 1484 907 sermonis
1495 864 1642 921 asperi
1650 891 1662 897 -

218 940 360 980 tatem
381 936 559 992 leviget,
583 936 632 979 in
649 937 850 980 medium
874 938 981 981 fert:
1013 934 1044 993 ἤ
1067 938 1372 999 ’πιτρίψομαι.
1439 937 1659 993 Bergkius

219 1007 451 1066 proponit:
490 1007 519 1068 ἢ
552 1007 906 1068 διαρραγήσομαι
950 1033 1008 1040 -
1053 1012 1300 1066 utrumque
1343 1012 1409 1052 est
1452 1021 1660 1066 superva-

218 1074 426 1123 caneum.
492 1079 718 1137 Equidem
740 1081 902 1124 vitium
926 1080 1243 1126 tantummodo
1265 1078 1457 1123 arbitror
1477 1081 1660 1123 haerere

219 1153 268 1196 in
301 1152 581 1210 explicandis
612 1153 844 1199 vocabulis
880 1150 1006 1211 ἦ-ἤ,
1052 1167 1170 1210 quae
1202 1167 1360 1197 omnes
1394 1152 1544 1196 adhuc
1576 1152 1661 1196 viri

219 1225 340 1268 docti
374 1230 424 1267 ut
457 1230 565 1275 „aut
596 1251 655 1255 —-
686 1231 792 1268 aut“
826 1231 1111 1282 acceperunt.
1177 1225 1278 1268 Mea
1300 1240 1407 1268 vero
1440 1226 1663 1267 sententia

220 1297 347 1355 prius
378 1295 408 1355 ἦ
437 1297 660 1341 artissime
693 1312 798 1341 cum
847 1299 962 1342 α’λλοὶ
1007 1297 1379 1355 coniungendum
1429 1302 1507 1347 est,
1557 1311 1662 1339 cum

219 1370 360 1422 altero
383 1370 412 1429 ἢ
435 1384 492 1413 ne
514 1370 707 1413 minima
729 1370 914 1427 quidem
938 1366 1174 1415 intercedit
1196 1370 1320 1413 ratio.
1366 1369 1485 1412 Illud
1507 1364 1612 1413 ἀλλ’
1633 1369 1663 1426 ἢ

219 1442 413 1498 elliptice-
446 1447 513 1485 est
544 1442 891 1499 explicandum:
925 1442 998 1485 ich
1035 1447 1205 1486 miisste
1239 1442 1361 1485 mich
1385 1442 1519 1493 irren,
1555 1440 1665 1484 oder

219 1518 347 1564 etc.,“
382 1512 546 1556 deinde
578 1514 712 1571 plane
744 1514 792 1556 in
824 1514 1070 1556 formulam
1101 1513 1212 1556 abiit
1253 1518 1392 1570 atque
1439 1512 1664 1569 significat

221 1585 335 1629 nihil
368 1585 493 1629 aliud
531 1586 619 1629 nisi
663 1581 868 1629 nostrum
915 1586 1196 1638 „sicherlich,
1240 1585 1445 1643 gewiss“.
1527 1582 1664 1642 Apud

220 1658 572 1715 Aristophanem
609 1660 720 1702 haec
752 1659 852 1703 ἀλλ’
883 1659 912 1716 ἢ
944 1658 1189 1703 verborum
1220 1659 1435 1702 iunctura
1476 1657 1665 1701 minime

221 1731 533 1788 infrequenter
565 1731 695 1775 nobis
718 1736 785 1774 est
805 1731 953 1782 obvia,
978 1731 1118 1775 veluti
1141 1732 1189 1774 in
1210 1732 1312 1788 ipsa
1334 1735 1488 1774 nostra
1510 1729 1665 1772 fabula

223 1803 325 1853 780,
358 1803 459 1853 953,
493 1803 541 1845 in
574 1804 675 1846 Pac.
711 1804 813 1855 475,
851 1803 984 1860 Vesp.
1020 1804 1123 1854 984,
1158 1803 1260 1860 Lys.
1295 1803 1407 1855 427;
1455 1802 1525 1845 Fr.
1560 1802 1664 1853 439,

229 1875 357 1918 1130.
1587 1914 1589 1916 ,

370 1946 504 1998 Quod
542 1947 704 1990 attinet
743 1947 802 1990 ad
840 1947 1032 1991 alterum
1077 1947 1118 2005 ἢ,
1163 1946 1504 2003 quodammodo
1545 1946 1666 1989 vices

223 2019 571 2063 asseverationis
603 2019 849 2077 particulae
876 2019 1011 2077 gerit:
1034 2019 1144 2063 oder
1165 2019 1239 2062 ich
1263 2018 1411 2063 werde
1433 2017 1669 2062 verwchnt

226 2091 324 2135 sein
356 2092 382 2134 i.
418 2106 455 2135 e.
498 2092 571 2134 ich
604 2091 683 2135 bin
725 2092 963 2136 sicherlich
1008 2092 1134 2136 nicht
1177 2092 1424 2136 verwchnt.
1498 2091 1667 2134 Sensus

225 2163 366 2222 igit-ur
396 2163 560 2207 horum
594 2178 777 2209 versum
809 2169 876 2208 est
906 2165 967 2209 is:
1014 2165 1177 2217 „heuto
1210 2164 1299 2208 will
1330 2163 1404 2207 ich
1438 2163 1559 2206 mich
1598 2176 1668 2220 ge-

229 2236 330 2278 wiss
361 2250 452 2279 von
493 2236 675 2279 meinen
716 2236 980 2280 liebhabern
1027 2238 1203 2293 pflegen
1249 2237 1411 2287 lassen,
1454 2250 1504 2279 so
1545 2234 1669 2278 wahr

227 2307 302 2351 ich
334 2307 460 2351 nicht
482 2308 729 2352 'verwbhnt
762 2307 883 2352 bin.“

815 2464 923 2508 ibid.
965 2466 1091 2509 1180.

426 2538 571 2587 καλῶς
601 2538 641 2593 γ’
674 2532 852 2597 ἐποίησε
884 2542 961 2583 τοῦ
993 2538 1168 2591 πέπλου
1198 2543 1469 2595 μεμνημένη.

375 2620 602 2665 Isiciarius
638 2621 780 2665 Demo
812 2636 966 2665 assum
999 2621 1162 2673 attulit,
1206 2635 1233 2664 a
1265 2620 1350 2664 dea
1385 2620 1591 2663 Minerva
1622 2617 1669 2661 id
