1920 3112
819 142 1088 185 —5-

769 274 845 316 Ar.
880 271 995 332 EqU.
1029 275 1131 318 555.

693 347 965 405 μισθοφόροι
980 357 982 359 ’
997 348 1199 406 τριήρεις.

382 429 610 487 Kayserus
657 427 729 473 his
769 427 920 473 verbis
960 427 1091 474 docet
1131 428 1315 474 subesse
1357 444 1542 474 sensum
1584 444 1672 483 τοῖς

235 506 436 554 πολίταις
466 499 639 558 μισθόν
670 508 903 560 φέρουσαι;
936 501 1059 557 quod
1097 502 1233 544 nimis
1264 502 1385 544 iners
1416 517 1469 545 ac
1501 503 1671 559 langui-

234 576 343 619 dum
385 587 482 617 esse
524 567 660 615 nemo
691 586 784 616 non
808 571 943 616 videt.
1008 572 1285 631 Significatio
1310 575 1671 626 „mercennarios

234 646 399 708 milites
430 647 687 701 gestantes“
720 644 819 700 (mit
851 644 1064 688 soldnern
1098 644 1335 702 bemannt)
1366 661 1553 703 prorsus
1574 647 1670 690 inu-

234 718 367 761 sitata
398 720 465 760 cst
496 730 646 772 neque
679 715 770 759 ullo
800 716 1124 773 comprobatur
1144 717 1364 774 exemplo.
1435 718 1672 778 Velsenius

233 788 424 834 coniecit
453 789 688 847 ἱστοφόροι,
730 789 961 846 epitheton
994 789 1130 833 inane
1177 794 1221 833 et
1266 789 1439 833 inutile.
1519 791 1671 842 Quare

233 861 401 912 videas,
435 875 493 904 nc
525 860 585 903 sit
605 860 895 904 scribendum
919 855 1177 921 ἵπποφόρόι,
1201 861 1324 919 quod
1348 876 1450 904 meo
1471 862 1671 919 periculo

232 932 545 990 proposuerim
577 937 714 990 atque
737 932 882 976 habeo
915 947 1182 990 persuasum
1216 947 1290 976 me
1322 933 1445 976 haud
1479 933 1611 990 longe
1643 949 1670 977 a

232 1020 339 1050 vero
371 1004 613 1049 aberrasse.
639 1030 645 1032 ξ
680 1005 1007 1062 Aristophanes
1039 1005 1162 1053 hisce
1194 1020 1299 1049 cum
1331 1005 1481 1050 verbis
1497 1006 1673 1050 iocatur

232 1078 278 1121 in
327 1076 662 1135 expeditionem
709 1077 766 1121 ab
814 1077 1169 1136 Atheniensibus
1214 1077 1261 1120 in
1305 1077 1670 1135 Peloponnesum

229 1153 503 1207 susceptam,
537 1150 610 1192 cui
644 1154 819 1204 praeter
841 1150 1038 1206 hoplitas
1059 1149 1195 1192 etiam
1219 1150 1401 1192 ducenti
1423 1150 1671 1193 intererant

232 1221 420 1278 equites,
453 1220 621 1278 quibus
653 1235 710 1264 ex
742 1222 838 1278 lege
870 1221 1045 1266 vacatio
1078 1226 1173 1265 erat
1196 1221 1382 1265 militiae
1406 1221 1522 1265 data.
1579 1222 1671 1273 Qui

232 1293 406 1350 equites
429 1292 574 1350 legem
591 1294 887 1351 pertulerunt,
911 1297 962 1336 ut
979 1307 1118 1336 naves
1149 1294 1381 1343 onerariae
1404 1307 1669 1335 exornaren-

232 1371 317 1416 tur,
352 1365 520 1422 quibus
553 1366 659 1423 equi
691 1367 762 1409 sui
783 1367 830 1409 in
853 1365 1219 1423 Peloponnesum
1241 1371 1666 1423 transportarentur.

180 1473 185 1476 κ
228 1443 253 1487 C
256 1443 515 1494 ἱππαγωγοὶ
560 1438 748 1499 τριήρεις
795 1438 912 1496 599).
988 1438 1131 1481 Thuc.
1165 1438 1244 1482 IV.
1278 1439 1349 1480 42.
1390 1441 1425 1481 l.
1506 1438 1669 1482 Kockii

227 1510 367 1567 praefi
400 1509 431 1567 ξ
465 1511 533 1553 19.
598 1509 697 1553 Has
729 1512 1004 1569 ἱπποφόρους
1032 1512 1219 1570 τριήρεις
1241 1511 1496 1567 Neptunus,
1530 1514 1667 1568 quem

228 1581 453 1625 delectant
484 1582 591 1639 equi
622 1596 747 1626 acres
780 1587 824 1626 et
853 1583 1068 1641 μειράκια
1109 1582 1461 1642 λαμπρυνόμενα
1503 1585 1553 1629 ἐν
1595 1580 1669 1642 ἅρ-

226 1670 378 1712 μασιν,
402 1653 613 1698 clementi
635 1655 923 1713 propitioque
945 1655 1099 1698 animo
1121 1655 1449 1698 averruncavit.
1517 1655 1669 1706 Quam

226 1726 423 1770 ironiam
455 1727 811 1770 Atheniensibus
842 1726 1056 1770 omnibus
1100 1727 1235 1780 plane
1279 1727 1523 1770 dilucidam
1571 1741 1670 1770 esse

227 1802 360 1855 poeta
390 1812 474 1857 pro
505 1802 626 1843 certo
657 1797 823 1843 habere
873 1798 1012 1851 licuit,
1057 1798 1278 1857 quoniam
1322 1797 1548 1856 expeditio
1592 1798 1669 1842 illa

225 1870 351 1915 haud
383 1871 527 1916 multo
559 1875 665 1916 ante
698 1876 902 1915 nostram
934 1870 1214 1930 tragoediam
1262 1870 1487 1929 agendam
1519 1871 1665 1915 fiebat.

226 1943 439 1988 Ceterum
484 1945 533 1988 in
580 1944 731 1988 verbis
779 1946 1024 2004 ἱπποφόροι
1069 1943 1257 2004 τριήρεις
1300 1944 1555 1987 notandum
1601 1949 1668 1987 est

226 2021 373 2074 σχῆμα
396 2016 500 2076 παρ’
527 2017 761 2068 ΰπόνοιαν,
787 2030 892 2060 cum
915 2016 1068 2073 quivis
1089 2016 1244 2059 animo
1267 2020 1496 2073 exspectet
1515 2016 1668 2076 α’νδρο·

225 2087 351 2148 φόροι
382 2090 583 2149 τριήρεις.
612 2141 618 2146 1

824 2245 930 2288 ibid.
968 2246 1065 2289 707.

642 2318 718 2362 ἐπὶ
749 2320 811 2378 τῷ
841 2317 999 2374 φάγοις
1029 2313 1244 2376 {idco-:fla

370 2401 434 2446 sic
457 2400 584 2446 codd.
601 2417 603 2419 ¹
634 2400 840 2446 Kockius
856 2405 975 2446 recte
990 2400 1179 2446 adnotat
1198 2405 1472 2445 structuram
1493 2401 1667 2446 ἐσθίειν

216 2474 307 2518 {nc
332 2490 420 2518 τινι
451 2473 687 2517 ferendam
721 2488 811 2516 non
845 2487 966 2526 esse;
1000 2473 1171 2530 quade
1195 2487 1334 2517 causa
1354 2473 1567 2530 proponit
1588 2474 1665 2518 ἐπὶ

223 2551 285 2607 τῷ
315 2546 474 2604 φαγών
506 2545 722 2606 &amiam
755 2545 879 2604 quod
912 2545 1049 2590 etiam
1080 2545 1130 2590 in
1151 2549 1328 2590 textum
1355 2544 1665 2603 recepit-nulla

222 2618 504 2670 necessitate,
538 2624 590 2662 ut
622 2618 738 2662 mihi
769 2618 963 2663 videtur.
1028 2618 1442 2662 Vehementissime
1464 2632 1537 2661 me
1569 2618 1664 2675 qui-
