1920 3112
533 533 989 591 Commilitones
1028 533 1359 590 carissimi!

378 655 668 698 Discessurus
691 652 749 695 de
768 653 1060 696 universitate
1078 653 1332 696 Kilionensi
1356 654 1444 712 diu·
1457 655 1667 697 multum-

233 742 321 785 que
364 725 597 776 haesitavi,
644 739 736 781 qua
778 725 1067 781 potissimum
1109 725 1281 768 ratione
1323 726 1452 769 vobis
1496 727 1666 782 possim

233 798 432 843 debitam
463 797 654 855 gratiam
689 797 866 840 referre.
932 796 1140 854 Denique
1163 797 1369 840 animum
1402 797 1560 840 induxi
1596 797 1667 840 eli-

232 886 336 928 gere
367 870 541 926 aliquot
572 868 910 912 emendationes
943 884 970 911 a
1000 884 1074 912 me
1106 870 1315 925 prolatas,
1359 870 1525 926 quibus
1562 885 1666 913 non-

233 942 368 986 nullis
391 941 708 999 Aristophanis
730 945 773 984 et
805 941 1036 999 Euripidis
1058 941 1166 985 locis
1188 941 1394 985 nondum
1420 942 1667 999 persanatis

232 1013 407 1056 medela
438 1014 663 1055 afferatur.
694 1063 698 1066 ²
731 1013 867 1054 Haud
909 1027 1076 1069 anceps
1109 1018 1189 1055 aut
1227 1014 1518 1055 temerarium
1557 1013 1668 1055 mihi

233 1085 412 1130 videtur
434 1099 530 1128 esse
548 1084 634 1128 hoc
658 1083 815 1128 litteris
841 1084 1069 1138 mandare,
1095 1085 1361 1142 praesertim
1377 1099 1482 1129 cum
1501 1099 1668 1142 magna

231 1158 307 1199 illa
338 1156 505 1213 quibus
545 1156 751 1198 laborant
796 1156 962 1213 scripta
1003 1161 1206 1199 veterum
1250 1157 1539 1199 incommoda
1581 1157 1668 1199 nisi

231 1225 497 1272 consociatis
520 1228 849 1285 permultorum
874 1227 1035 1271 studiis
1058 1228 1260 1285 superari
1285 1233 1525 1285 nequeant.
1582 1228 1670 1271 Sed

231 1314 333 1343 cum
368 1299 444 1343 vix
478 1300 603 1342 nulla
634 1299 680 1342 in
715 1303 809 1342 arte
842 1299 1015 1343 facilior
1045 1300 1102 1342 sit
1124 1314 1247 1342 error
1268 1314 1408 1357 quam
1431 1300 1476 1341 in
1502 1300 1667 1351 critica,

230 1364 519 1429 indulgenter
551 1372 785 1422 habeatur,
820 1372 1028 1428 quisquis
1061 1371 1119 1414 ad
1152 1387 1251 1414 eam
1276 1372 1573 1415 exercendam
1597 1387 1669 1429 ag-

225 1443 441 1500 greditur,
478 1457 581 1486 cum
615 1443 691 1486 alii
724 1447 820 1486 tum
854 1457 951 1499 ego,
1004 1447 1160 1500 utpote
1195 1443 1281 1486 sim
1314 1443 1398 1486 tiro
1428 1443 1475 1485 111
1513 1443 1670 1486 litteris

226 1515 521 1571 philologieis.
603 1515 793 1557 Etiamsi
841 1515 1010 1557 multae
1060 1529 1130 1557 res
1177 1515 1224 1556 in
1271 1514 1666 1557 dissertatiuncula

225 1600 328 1630 mea
360 1590 573 1630 tractatae
605 1590 764 1629 tenues
795 1589 931 1643 atque
970 1585 1108 1629 exiles
1140 1584 1365 1637 videntur,
1399 1590 1551 1629 tamen
1587 1585 1666 1629 has

226 1658 425 1716 pagellas
458 1658 595 1702 nolite
627 1657 827 1702 iudicare
860 1657 1162 1720 spernendasl
1249 1657 1296 1701 Si
1329 1657 1441 1714 quid
1474 1657 1668 1702 exstabit

226 1731 274 1772 in
305 1731 374 1782 iis,
424 1745 515 1787 quo
567 1730 694 1773 vobis
742 1729 1036 1787 persuadebo,
1083 1730 1168 1772 hoc
1213 1730 1296 1772 erit
1339 1730 1451 1772 mihi
1486 1744 1665 1772 summo

225 1801 406 1858 gaudio,
441 1802 479 1845 si
511 1801 676 1853 minus,
711 1816 813 1844 mea
845 1816 918 1844 me
950 1801 1216 1845 consolabor
1247 1801 1523 1844 conscientia
1556 1802 1664 1844 veri-

226 1874 330 1916 tatis
363 1888 437 1916 me
470 1873 608 1916 fuisse
643 1873 1040 1916 studiosissimum.
