1920 3112
776 122 1045 165 -9-

188 257 359 304 nescire
390 255 590 312 ingenue
622 254 847 311 profiteor,
880 267 977 310 qua
994 253 1180 297 tandem
1201 252 1423 311 probabili
1454 254 1624 298 ratione

189 331 331 377 πάλιν
379 326 522 385 possit
577 324 792 382 explicari
839 338 988 381 neque
1011 324 1281 381 ,quisquam
1328 325 1624 381 interpretum

191 402 396 458 aliquam
430 398 582 442 attulit
613 397 955 452 annotationem
988 421 1043 428 --
1075 396 1207 448 iusta,
1241 401 1292 439 ut
1312 397 1425 439 mihi
1448 397 1627 440 videtur

189 484 341 523 causa,
376 483 485 513 nam
518 467 735 526 explicari
767 467 956 511 omnino
981 481 1072 510 non
1106 471 1265 525 potest.
1331 469 1471 515 πάλιν
1500 479 1627 512 voca-

188 543 349 587 bulum
381 545 449 584 est
479 545 562 588 aut
595 545 785 591 ‚‚retro“‚
819 544 897 582 aut
933 538 1138 591 „itm-um,
1187 539 1380 583 denuo“.
1448 541 1625 583 Utrum-

188 629 278 673 que
299 612 563 671 planissime
577 620 612 655 'a
635 611 776 655 nostri
798 611 882 655 loci
901 610 1073 654 ratione
1096 610 1336 655 abhorrere
1359 611 1625 655 facillimum

188 691 255 731 est
287 685 532 729 intellectu.
597 684 713 728 Rem
745 684 858 727 mihi
890 684 1052 727 iterum
1087 684 1345 741 iterumque
1379 684 1626 727 revolventi

188 760 236 803 in
268 761 470 802 mentem
511 756 639 802 venit
668 757 716 800 in
749 757 939 801 lectione
972 758 1108 803 πόλιν
1131 757 1319 800 fortasse
1342 757 1477 800 latere
1500 758 1626 800 vesti-

189 831 264 889 gia
294 828 503 874 vocabuli
543 831 673 875 πέδοι
697 829 769 873 vel
802 831 933 874 πεδοῖ
960 828 1092 884 (haee
1124 830 1271 872 forma
1306 829 1528 885 Aeschylo
1562 834 1628 872 est

189 901 433 957 adamata),
453 915 545 958 quo
567 905 746 958 recepto
768 901 968 958 profecto
991 900 1055 944 nil
1078 900 1329 944 remanebit
1350 900 1624 943 offensionis.

191 974 292 1017 Hoc
323 972 591 1017 adverbium
625 987 772 1030 saepe,
805 972 1035 1030 imprimis*
1068 972 1193 1030 apud
1236 972 1429 1029 tragicos
1473 977 1627 1030 poetas

180 1045 486 1089 *coniunctum
517 1045 751 1089 invenitur
781 1060 888 1088 cum
919 1044 1085 1094 verbis,
1128 1044 1295 1102 quibus
1336 1045 1454 1087 inest
1494 1045 1626 1100 signi-

189 1117 337 1161 ficatio
384 1116 599 1169 „cadere“
646 1117 718 1161 vel
766 1116 1066 1168 „destruere“,
1116 1121 1167 1160 ut
1213 1117 1286 1160 hic
1320 1118 1623 1175 συντριαινόω.

189 1189 349 1233 Aesch.
384 1188 586 1245 Choeph.
621 1189 692 1232 47.
728 1189 827 1233 643.
893 1188 1052 1246 Agam.
1088 1190 1188 1232 357.
1253 1189 1400 1232 Prom.
1442 1189 1530 1232 272
1569 1189 1624 1231 cf.

189 1258 466 1302 Schneidew.
510 1259 705 1303 Emend.
740 1260 900 1304 Aesch.
943 1258 1036 1304 ind.
1084 1259 1180 1304 lect.
1224 1259 1450 1318 Goetting.
1498 1260 1623 1302 1841.

189 1346 291 1390 pag.
326 1331 367 1375 4.

776 1473 892 1546 ibid.
927 1503 1027 1546 978.

578 1630 592 1645 ⁴
611 1574 830 1634 τόρνευμα
865 1574 1015 1621 δεινόν
1047 1577 1197 1630 πσδός.

334 1659 489 1702 Codex
538 1660 573 1702 C
620 1659 804 1703 exhibet
849 1662 1055 1720 πόρευμα,
1105 1661 1167 1703 ita
1214 1665 1367 1703 tamen
1416 1664 1466 1702 ut
1513 1660 1629 1702 inter

191 1730 360 1775 litteras
391 1751 416 1793 ρ
449 1736 493 1776 et
525 1752 545 1777 ε
577 1737 798 1790 punctum
832 1732 891 1776 sit
920 1732 1252 1789 interpositum,
1287 1732 1409 1790 quod
1433 1732 1628 1776 litteram

191 1803 423 1860 quandam
457 1804 676 1848 excidisse
708 1805 961 1862 significare
993 1805 1184 1849 videtur.
1251 1805 1560 1862 Apographon
1593 1805 1628 1847 P

191 1876 468 1921 coniunctim
510 1879 702 1938 τόρευμα
745 1877 941 1935 praebet.
1013 1877 1257 1923 Wilamow.
1308 1878 1422 1922 anal.
1473 1878 1625 1935 Eurip.

192 1948 261 1991 54.
302 1950 339 1992 1.
403 1948 598 2010 τόρευμα
646 1950 824 2007 proprie
871 1954 939 1993 est
984 1949 1243 2003 „bildwerk‚
1287 1950 1626 2001 schnitzwerk,“

192 2020 356 2065 dehinc
399 2021 501 2073 „ein
532 2022 618 2065 mit
649 2021 933 2079 dergleichen
967 2022 1110 2066 arbeit
1141 2023 1379 2066 verziertes
1423 2023 1572 2079 gefass
1587 2028 1625 2074 ;“

192 2096 346 2137 nostro
379 2093 476 2137 loco
508 2093 784 2151 significaret
817 2094 1037 2152 „sagitta“
1073 2094 1196 2152 quod
1219 2108 1402 2152 prorsus
1425 2098 1493 2137 est
1513 2094 1628 2137 inso-

191 2163 321 2208 litum
356 2179 506 2223 neque
538 2165 645 2209 alibi
677 2166 920 2210 invenitur.
987 2166 1246 2224 Stephanus
1286 2167 1520 2224 proposuit
1552 2168 1628 2212 πό-

190 2254 332 2296 ρευμα
365 2242 408 2282 et
440 2238 604 2296 accipit
635 2237 840 2299 πόρευμα
874 2240 1021 2286 δεινὰν
1053 2240 1192 2293 ποδός
1224 2244 1276 2283 ut
1296 2239 1627 2297 appositionem

191 2308 247 2353 ad
280 2309 623 2355 antecedentem
655 2325 857 2356 versum:
903 2325 980 2364 „er
1024 2311 1158 2355 treibt
1189 2311 1276 2355 den
1324 2311 1504 2355 knaben
1550 2326 1628 2355 um

191 2381 263 2426 die
312 2383 451 2436 saule,
500 2384 573 2427 ein
622 2383 1059 2442 schreckensgang,“
1112 2383 1190 2427 ubi
1235 2399 1341 2428 vero
1390 2384 1628 2441 genetivus

191 2456 330 2508 ποδός
362 2456 480 2499 male
512 2456 728 2500 abundat.
792 2457 1049 2501 Passowius
1082 2457 1125 2499 h.
1150 2457 1176 2500 1.
1210 2458 1275 2500 ita
1306 2457 1522 2514 explicat:
1556 2457 1628 2500 die

192 2526 504 2587 scfflvingung,
551 2527 632 2573 das
676 2528 958 2577 schleudern,
1006 2528 1162 2573 indem
1208 2543 1314 2573 man
1360 2529 1465 2587 jem.
1508 2528 1628 2572 beim

190 2599 313 2647 fusse
361 2601 534 2646 erfasst.
609 2601 698 2648 Sed
743 2601 990 2648 Herculem
1035 2615 1230 2661 puerum
1275 2601 1467 2659 pedibus
1513 2615 1627 2648 com-
