1920 3112
812 126 1081 167 -6-

230 262 332 304 dem
366 260 412 302 in
443 258 605 302 Kockii
630 257 887 301 coniectura
909 256 1101 300 offendit
1121 257 1316 300 aoristus
1337 242 1505 312 mah-iv,
1530 258 1672 303 immo

229 336 346 375 esset
386 328 650 387 ponendum
693 333 874 387 tempus
915 339 1144 385 praesens,
1187 341 1291 372 cum
1335 327 1474 372 Cleon
1517 328 1672 375 laetari

229 398 372 461 possit
403 402 586 445 nonnisi
619 401 730 444 dum
764 401 869 453 edit,
904 415 996 443 non
1029 405 1275 458 postquam
1307 400 1411 445 edit.

376 474 472 531 Ego
490 487 598 517 vero
616 473 856 517 lectionem
873 471 1001 516 codd.
1022 476 1175 516 tenere
1192 486 1332 516 ausus
1350 472 1450 526 sim,
1470 477 1673 519 statuens

229 548 450 604 σύγχυσιν,
485 560 603 603 quae
636 551 836 596 vocatur,
886 545 1082 589 duarum
1130 545 1533 603 constructionum,
1582 550 1675 602 qua

229 633 276 662 re
309 617 354 661 in
390 630 599 661 sermone
621 616 849 661 cotidiano
874 616 938 661 nil
961 621 1029 661 est
1050 616 1347 675 frequentius.
1412 616 1675 662 Putaverim

229 690 353 732 enim
386 690 587 745 primum
619 689 815 732 isiciario
848 689 1139 732 obversatum
1157 703 1254 731 esse
1275 689 1362 732 hoc
1384 689 1674 732 enuntiatum

228 763 306 807 ἐπὶ
338 765 402 821 τῷ
435 766 565 812 (τίνι)
605 758 820 820 ἡδόμενος
861 761 1019 819 φάγοις
1061 757 1142 814 dius
1188 759 1352 805 deinde
1400 775 1507 805 vero
1554 760 1677 805 subit

229 834 456 877 sententia
488 843 537 879 τί
564 835 722 890 φάγοις
753 833 980 892 &amiam
1019 838 1266 891 utrumque
1308 832 1676 877 confundebatur

227 911 366 963 atque
400 905 523 949 hunc
554 906 603 949 in
637 905 826 949 modum
861 909 1095 949 scructura
1126 909 1194 948 est
1225 910 1336 956 orta,
1371 909 1421 948 ut
1458 905 1504 948 in
1549 909 1676 949 textu

228 990 326 1020 sese
359 976 508 1020 habet.
577 976 849 1020 Mutandum
884 980 1002 1020 certe
1037 975 1149 1019 nihil
1182 980 1260 1020 est.

812 1145 919 1189 ibid.
961 1146 1086 1188 1079.

478 1217 560 1271 3703
597 1222 739 1277 ποριῶ
772 1227 848 1262 καὶ
881 1222 1039 1263 τοῦτον
1071 1220 1246 1277 ἡμερῶν
1278 1222 1427 1277 τριῶν.

376 1302 604 1345 Isiciarius
639 1301 877 1359 pollicetur
918 1316 964 1345 se
998 1301 1277 1358 stipendium
1321 1301 1540 1345 militibus
1586 1302 1676 1344 iam

229 1373 406 1417 dudum
443 1387 534 1416 non
569 1373 854 1430 persolutum
877 1378 1248 1431 comparaturum
1270 1388 1367 1417 esse
1389 1378 1527 1431 atque
1549 1372 1676 1416 addit

229 1452 306 1507 οιαὶ
353 1450 513 1488 τοῦτον
560 1444 770 1501 (μισθόν)
817 1447 992 1504 ἡμερῶν
1039 1446 1182 1502 τριῶν.
1266 1446 1415 1501 Vulgo
1456 1433 1678 1487 adnotant

229 1519 611 1560 commentatores
656 1530 761 1559 eum
805 1515 978 1559 acerbis
1029 1516 1201 1560 facetiis
1248 1516 1448 1560 cavillari
1497 1516 1678 1560 Cleonis

231 1588 385 1640 verba,
422 1588 591 1647 quibus
625 1603 671 1632 se
705 1589 1103 1639 Lacedaemonios,
1138 1590 1217 1646 qui
1249 1589 1298 1633 in
1330 1589 1482 1633 insula
1514 1589 1675 1647 Sphae-

232 1663 346 1705 teria
377 1662 539 1705 inclusi
580 1666 855 1713 tenerentur,
902 1662 1022 1704 intra
1069 1662 1231 1718 viginti
1280 1662 1376 1705 dies
1424 1667 1503 1705 aut
1550 1662 1680 1705 vivos

238 1734 444 1777 Athenas
480 1748 577 1777 esse
610 1733 915 1777 adducturum
950 1738 1029 1777 aut
1060 1733 1151 1777 illic
1185 1734 1531 1777 interfecturum
1562 1733 1609 1776 in
1634 1747 1681 1776 se

232 1811 473 1862 receperat.
539 1806 682 1847 Thuc.
718 1805 795 1847 IV.
833 1806 902 1847 28.
938 1806 978 1847 4.
1052 1806 1266 1847 Attamen
1309 1806 1394 1848 hoc
1434 1804 1682 1861 speciosius

230 1882 299 1921 est
331 1891 471 1934 quam
510 1877 673 1920 verius.
738 1876 920 1920 Etenim
943 1879 1120 1936 ἡμερῶν
1140 1882 1274 1937 τριῶν
1299 1892 1392 1920 non
1416 1881 1564 1933 potest
1586 1890 1683 1919 esse

228 1950 470 2006 genetivus
503 1949 720 2005 temporis
752 1948 946 2005 (binnen
980 1948 1074 1991 drei
1108 1949 1277 2005 tagen),
1328 1948 1405 1991 sed
1439 1948 1683 2004 qualitatis,

229 2020 436 2078 pendens
471 2035 526 2064 ex
558 2022 733 2078 μισθόν
784 2020 897 2078 (sold
947 2021 1022 2063 fiir
1069 2020 1163 2064 drei
1215 2024 1345 2078 tage).
1427 2020 1528 2064 Hoc
1578 2034 1685 2063 vero

230 2108 372 2151 quam
407 2093 465 2136 sit
498 2092 659 2145 debile,
694 2093 799 2150 quis
833 2098 912 2144 est,
939 2093 1133 2149 quinon
1159 2093 1315 2136 videt‘?
1378 2093 1538 2150 Itaque
1560 2091 1684 2135 haud

230 2166 323 2209 scio
346 2180 406 2209 an
430 2165 488 2209 sit
512 2164 804 2208 scribendum
822 2166 907 2221 ἐγώ
932 2170 1075 2226 ποριῶ
1099 2173 1175 2210 καὶ
1201 2177 1322 2211 σῖτον
1344 2167 1520 2224 ἡμερῶν
1541 2167 1685 2225 τριῶν,

231 2237 292 2280 ad
334 2237 460 2294 quod
508 2237 673 2280 ducere
707 2238 887 2280 videtur
920 2238 1055 2279 etiam
1091 2237 1328 2289 scholium,
1371 2236 1507 2294 quod,
1542 2237 1589 2279 ni
1621 2237 1690 2279 ita

235 2324 306 2352 res
340 2324 437 2352 sese
472 2309 671 2359 haberet,
706 2309 1033 2365 perobscurum
1066 2314 1204 2352 esset:
1257 2310 1482 2354 εἰώθασιν
1513 2314 1574 2362 εἰς
1606 2309 1688 2353 τὸν

233 2379 441 2440 πόλημον
473 2381 667 2434 ἐξιόντες
688 2385 728 2425 οἱ
751 2383 1020 2440 στρατιῶται
1043 2381 1301 2438 λαμβάνειν
1322 2381 1487 2440 τροφήν
1509 2382 1687 2438 ἡμερῶν

228 2458 376 2513 τριῶν.
444 2452 570 2497 Sales
601 2453 742 2510 igitur
772 2453 820 2496 in
856 2467 909 2496 eo
943 2458 1063 2504 sunt,
1098 2457 1148 2496 ut
1179 2452 1444 2509 profiteatur
1460 2452 1687 2498 isiciarius

228 2539 276 2569 se
308 2524 356 2568 id
389 2539 486 2569 esse
518 2529 906 2582 comparaturum,
940 2524 1065 2582 quod
1104 2524 1306 2568 militum
1347 2524 1550 2583 ipsorum
1591 2528 1687 2568 erat

228 2611 408 2641 curare.
445 2597 533 2646 cfr.
567 2597 679 2640 Ach.
720 2597 816 2649 197,
851 2597 954 2640 Pac.
990 2597 1092 2639 312.
