1920 3112
809 178 863 183 -.
928 153 954 194 g
1017 178 1076 184 -

224 303 324 331 esse
350 291 559 343 paratum
583 299 860 328 asseverans.
926 285 1100 327 Demus
1122 285 1383 341 respondet:
1407 292 1528 331 recte
1547 289 1670 341 facit,

224 358 348 416 quod
385 358 498 401 haec
531 356 653 400 dona
683 356 796 399 mihi
814 355 979 400 obtulit
993 355 1091 407 dea,
1110 370 1275 414 nempe
1294 371 1463 402 munus
1481 373 1672 405 munere

222 434 411 487 pensat:
447 443 531 486 ego
564 429 601 470 ei
639 428 823 485 peplum
859 429 1134 479 consecravi,
1167 428 1245 471 illa
1276 428 1388 472 mihi
1411 444 1494 486 pro
1517 445 1569 474 eo
1591 431 1670 476 dat

223 516 377 545 assum
411 500 782 558 pulcherrimum.
840 525 897 531 —
953 499 1102 551 Quam
1152 505 1283 544 acute
1331 505 1376 545 et
1423 502 1673 559 prudenter

222 573 401 616 disserit
448 571 598 615 subito
650 572 842 614 Demus!
892 571 1021 616 Itane
1069 573 1210 627 vero‘?
1269 572 1496 630 Equidem
1544 574 1668 618 haud

222 659 408 702 possum
442 643 623 695 adduci,
657 648 708 688 ut
739 643 922 690 credam
956 649 1049 689 tam
1083 649 1269 701 vegetae
1291 644 1458 706 mentis
1479 659 1532 690 ac
1553 647 1670 704 cogi-

177 724 183 729 ·
220 716 405 760 tationis
437 730 535 759 esse
573 716 782 768 Demum,
816 730 955 773 quem
989 716 1239 762 sexcent-ies
1280 715 1414 760 nobis
1455 716 1672 762 describit

220 794 357 846 poeta
391 793 441 832 ut
472 788 706 832 hominem
743 787 1091 832 stolidissimum
1125 803 1274 845 neque
1297 788 1390 832 ulla
1410 788 1666 844 praeditum

220 861 406 904 ratione.
479 859 749 903 Cousideres
797 860 872 911 sie,
924 873 1043 917 quae
1091 864 1239 904 cetera
1285 860 1425 905 verba
1469 861 1673 918 loquitur

221 932 417 975 Demus:
452 931 545 974 iam
577 931 784 975 invenies
816 931 988 988 ubique
1030 945 1136 976 eum
1167 931 1342 989 aliquid
1374 933 1670 990 pronuntiare

220 1006 276 1049 de
309 1005 436 1056 cibis,
471 1005 552 1062 qui
584 1019 611 1048 a
643 1005 810 1048 Cleone
842 1005 915 1048 vel
946 1005 1004 1048 ab
1037 1005 1134 1050 eius
1155 1005 1415 1050 adversario
1437 1004 1524 1049 sibi
1545 1020 1669 1062 prae·

219 1078 399 1122 bentur.
467 1077 629 1133 itaque
662 1077 787 1120 hisce
820 1091 1005 1134 quoque
1047 1077 1095 1120 iu
1128 1076 1278 1120 verbis
1311 1077 1398 1121 tale
1443 1077 1555 1135 quid
1602 1083 1670 1121 est

219 1148 598 1207 quaerendum*)‚
646 1147 770 1206 quod
816 1147 946 1192 facile
991 1153 1120 1206 potes
1164 1149 1360 1207 assequi,
1398 1147 1535 1194 modo
1580 1150 1669 1195 levi

220 1222 399 1265 medela
431 1235 514 1278 pro
547 1223 723 1269 πέπλου
756 1219 979 1263 scribatur
1011 1225 1187 1266 πεπτοῦ
1220 1222 1262 1277 (i.
1297 1236 1332 1264 e.
1367 1223 1553 1280 assum).

616 1365 722 1407 Eur.
760 1364 894 1407 Herc.
931 1366 1016 1406 fur.
1051 1365 1140 1408 944
1172 1379 1271 1422 sqq.

631 1433 689 1489 aig
721 1436 776 1481 τᾶ
813 1437 1070 1482 Κυκλώπων
1100 1435 1264 1497 βάθρα

479 1517 643 1563 φοῐνίκι
676 1509 835 1554 κανόνι
868 1517 944 1552 καὶ
976 1510 1122 1562 τύκοις
1151 1508 1405 1570 ἡρμοσμένα

479 1585 682 1642 στρεπτῷ
714 1582 877 1642 σιδήρῳ
909 1582 1236 1641 συντριαὶνιόσω
1270 1583 1416 1628 πόλιν.

363 1665 504 1709 Haec.
539 1665 668 1708 codd.
735 1665 821 1707 Per
853 1679 900 1708 se
933 1665 1029 1708 fieri
1062 1670 1223 1722 potest,
1258 1671 1314 1709 ut
1340 1681 1367 1709 a
1398 1666 1537 1710 verbo
1570 1681 1667 1713 σνν-

220 1739 468 1796 τριαινῶσω
501 1751 607 1781 cum
642 1737 900 1783 Κυκλώπων
920 1735 1098 1798 βάθρα,
1120 1742 1220 1782 tum
1243 1740 1376 1785 πόλιν
1397 1738 1665 1796 dependeat.

217 1825 259 1854 v.
296 1810 398 1853 978.
433 1810 534 1853 992.
608 1809 709 1853 Hel.
752 1809 820 1851 77.
886 1809 1050 1853 Troad.
1090 1811 1191 1853 361.
1256 1810 1426 1868 Krueg.
1470 1825 1664 1869 gramm.

217 1884 289 1927 57.
330 1883 396 1926 10.
433 1883 472 1926 6.
539 1881 630 1926 Sed
661 1884 798 1928 πόλιν
828 1882 984 1926 ieiuna
1024 1882 1252 1939 quaedam
1298 1888 1342 1927 et
1382 1883 1557 1934 insulsa
1599 1889 1668 1928 est

218 1955 459 2013 appositio,
507 1955 596 1998 nisi
628 1969 735 1999 cum
767 1954 923 2013 aliquo
961 1955 1162 2013 epitheto
1210 1961 1402 2000 ornante
1449 1961 1517 2000 est
1563 1970 1666 2001 con-

217 2028 454 2079 iunctum;
489 2041 631 2084 quam
664 2031 715 2070 ut
746 2027 961 2070 duritiem
1000 2027 1176 2070 tolleret
1219 2027 1474 2085 Scaligerus
1521 2030 1667 2073 minu-

218 2099 395 2143 tissima
425 2098 679 2142 mutatione
713 2097 976 2143 emendavit
1005 2098 1162 2150 πάλιν,
1205 2099 1330 2157 quod
1361 2099 1485 2144 haud
1532 2101 1668 2159 longe

219 2171 389 2215 recedit
419 2185 448 2214 a
479 2170 608 2215 codd.
638 2171 842 2215 lectione.
909 2172 969 2214 At
1001 2186 1055 2215 ea
1084 2171 1133 2215 in
1166 2186 1213 2215 re
1244 2186 1319 2217 me
1351 2172 1539 2230 quidem
1571 2187 1666 2217 non

217 2243 356 2287 habet
386 2243 712 2287 assentientem
743 2248 788 2287 et
818 2243 1080 2287 mirandum
1115 2248 1194 2297 est,
1228 2244 1353 2302 quod
1381 2259 1541 2289 omnes
1571 2246 1667 2290 fere

219 2315 413 2359 editores
446 2315 718 2359 recentiores
750 2316 878 2359 illum
928 2321 1036 2360 sunt
1083 2316 1237 2361 secuti.
1316 2317 1546 2376 Equidem
1591 2332 1667 2362 me

365 2519 401 2565 ‘)
425 2520 483 2558 Ne
509 2519 647 2571 dixeris
673 2530 781 2565 quem
808 2519 940 2567 flagito
966 2530 1112 2556 sensum
1151 2521 1211 2558 vel
1248 2520 1289 2559 in
1314 2521 1435 2562 καλῶς
1459 2525 1495 2569 γ’
1523 2522 1667 2566 {nonque

216 2581 356 2617 inesse:
384 2592 469 2641 nam
496 2581 587 2617 haec
612 2582 724 2618 verba
749 2582 847 2627 apud
873 2582 1034 2618 Graecos
1060 2587 1166 2618 erant
1184 2582 1343 2620 formula
1356 2583 1499 2630 gratias
1517 2582 1665 2630 agendi.

217 2641 283 2677 cfr.
311 2641 425 2678 Beck.
451 2652 485 2677 a.
513 2641 547 2680 h.
576 2642 600 2679 l.
